%% This BibTeX bibliography file was created using BibDesk.
%% http://bibdesk.sourceforge.net/

%% Created for Xavier Loizeau at 2018-02-09 09:08:22 +0100 


%% Saved with string encoding Unicode (UTF-8) 



@book{Bill86,
	Author = {Patrick Billingsley},
	Date-Added = {2018-02-09 08:08:21 +0000},
	Date-Modified = {2018-02-09 08:08:21 +0000},
	Edition = {Second},
	Publisher = {John Wiley and Sons},
	Title = {Probability and Measure},
	Year = {1986},
	Bdsk-File-1 = {YnBsaXN0MDDUAQIDBAUGJCVYJHZlcnNpb25YJG9iamVjdHNZJGFyY2hpdmVyVCR0b3ASAAGGoKgHCBMUFRYaIVUkbnVsbNMJCgsMDxJXTlMua2V5c1pOUy5vYmplY3RzViRjbGFzc6INDoACgAOiEBGABIAFgAdccmVsYXRpdmVQYXRoWWFsaWFzRGF0YV8QPi4uLy4uLy4uLzItZ2VuZXJhbC1hcHByb2FjaC8xLWZhbWlseS1vZi1tb2RlbHMvYmlsbGluZ3NsZXkucGRm0hcLGBlXTlMuZGF0YU8RAbwAAAAAAbwAAgAADE1hY2ludG9zaCBIRAAAAAAAAAAAAAAAAAAAAAAAAABCRAAB/////w9iaWxsaW5nc2xleS5wZGYAAAAAAAAAAAAAAAAAAAAAAAAAAAAAAAAAAAAAAAAAAAAAAAAAAAAAAAAAAAAAAAD/////AAAAAAAAAAAAAAAAAAMAAwAACiBjdQAAAAAAAAAAAAAAAAASMS1mYW1pbHktb2YtbW9kZWxzAAIAXC86VXNlcnM6eGF2aWVybG9pemVhdTpEb2N1bWVudHM6dGhlc2lzOjItZ2VuZXJhbC1hcHByb2FjaDoxLWZhbWlseS1vZi1tb2RlbHM6YmlsbGluZ3NsZXkucGRmAA4AIAAPAGIAaQBsAGwAaQBuAGcAcwBsAGUAeQAuAHAAZABmAA8AGgAMAE0AYQBjAGkAbgB0AG8AcwBoACAASABEABIAWlVzZXJzL3hhdmllcmxvaXplYXUvRG9jdW1lbnRzL3RoZXNpcy8yLWdlbmVyYWwtYXBwcm9hY2gvMS1mYW1pbHktb2YtbW9kZWxzL2JpbGxpbmdzbGV5LnBkZgATAAEvAAAVAAIAFP//AACABtIbHB0eWiRjbGFzc25hbWVYJGNsYXNzZXNdTlNNdXRhYmxlRGF0YaMdHyBWTlNEYXRhWE5TT2JqZWN00hscIiNcTlNEaWN0aW9uYXJ5oiIgXxAPTlNLZXllZEFyY2hpdmVy0SYnVHJvb3SAAQAIABEAGgAjAC0AMgA3AEAARgBNAFUAYABnAGoAbABuAHEAcwB1AHcAhACOAM8A1ADcApwCngKjAq4CtwLFAskC0ALZAt4C6wLuAwADAwMIAAAAAAAAAgEAAAAAAAAAKAAAAAAAAAAAAAAAAAAAAwo=}}

@techreport{JJFCXL,
	Author = {Comte, Fabienne and Johannes, Jan and Loizeau, Xavier},
	Date-Added = {2017-03-29 13:36:34 +0000},
	Date-Modified = {2017-03-29 13:37:18 +0000},
	Institution = {Heidelberg University},
	Title = {Minimax and oracle optimal data-driven circular deconvolution in presence of $\beta$-dependence},
	Year = {2016}}

@techreport{JJXL,
	Author = {Johannes, Jan and Loizeau, Xavier},
	Date-Added = {2017-03-29 13:36:34 +0000},
	Date-Modified = {2017-03-29 13:36:34 +0000},
	Institution = {Heidelberg University},
	Title = {Optimal contraction rates of Hierarchical Sieve posteriors for inverse Gaussian Sequence Space models},
	Year = {2016}}

@book{mathai1992quadratic,
	Author = {Mathai, A.M. and Provost, S.B.},
	Date-Added = {2017-03-29 13:34:25 +0000},
	Date-Modified = {2017-03-29 13:34:51 +0000},
	Isbn = {9780824786915},
	Lccn = {91040165},
	Publisher = {Taylor \& Francis},
	Series = {Statistics: A Series of Textbooks and Monographs},
	Title = {Quadratic Forms in Random Variables},
	Year = {1992},
	Bdsk-Url-1 = {https://books.google.de/books?id=tFOqQgAACAAJ}}

@unpublished{JJMS,
	Author = {Jan Johannes and Maik Schwarz},
	Date-Added = {2016-10-20 07:47:14 +0000},
	Date-Modified = {2017-03-29 13:38:43 +0000},
	Keywords = {Gaussian sequence space model; minimax theory; Adaptive non parametric estimation; Model selection; Lepski's method; Sobolev spaces; Midly and severely ill-posed inverse problems},
	Month = {April},
	Title = {Adaptive Gaussian inverse regression with partially unknown operator},
	Year = {2012}}

@conference{PM,
	Author = {Pascal Massart},
	Booktitle = {Ecole d'{\'E}t{\'e} de Probabilit{\'e}s de Saint-Flour XXXIII},
	Date-Added = {2016-10-13 10:57:40 +0000},
	Date-Modified = {2017-03-29 13:38:55 +0000},
	Editor = {Springer},
	Title = {Concentration Inequalities and Model Selection},
	Volume = {1869},
	Year = {2003},
	Bdsk-File-1 = {YnBsaXN0MDDUAQIDBAUGJCVYJHZlcnNpb25YJG9iamVjdHNZJGFyY2hpdmVyVCR0b3ASAAGGoKgHCBMUFRYaIVUkbnVsbNMJCgsMDxJXTlMua2V5c1pOUy5vYmplY3RzViRjbGFzc6INDoACgAOiEBGABIAFgAdccmVsYXRpdmVQYXRoWWFsaWFzRGF0YV8QOC4uLy4uL0NvbmNlbnRyYXRpb24gSW5lcXVhbGl0aWVzIGFuZCBNb2RlbCBTZWxlY3Rpb24ucGRm0hcLGBlXTlMuZGF0YU8RAfoAAAAAAfoAAgAADE1hY2ludG9zaCBIRAAAAAAAAAAAAAAAAAAAAAAAAABCRAAB/////x9Db25jZW50cmF0aW9uIEluZXEjRkZGRkZGRkYucGRmAAAAAAAAAAAAAAAAAAAAAAAAAAAAAAAAAAAAAAAAAAD/////AAAAAAAAAAAAAAAAAAIAAQAACiBjdQAAAAAAAAAAAAAAAAAJUmVjaGVyY2hlAAACAFwvOlVzZXJzOnhhdmllcmxvaXplYXU6RG9jdW1lbnRzOlJlY2hlcmNoZTpDb25jZW50cmF0aW9uIEluZXF1YWxpdGllcyBhbmQgTW9kZWwgU2VsZWN0aW9uLnBkZgAOAGYAMgBDAG8AbgBjAGUAbgB0AHIAYQB0AGkAbwBuACAASQBuAGUAcQB1AGEAbABpAHQAaQBlAHMAIABhAG4AZAAgAE0AbwBkAGUAbAAgAFMAZQBsAGUAYwB0AGkAbwBuAC4AcABkAGYADwAaAAwATQBhAGMAaQBuAHQAbwBzAGgAIABIAEQAEgBaVXNlcnMveGF2aWVybG9pemVhdS9Eb2N1bWVudHMvUmVjaGVyY2hlL0NvbmNlbnRyYXRpb24gSW5lcXVhbGl0aWVzIGFuZCBNb2RlbCBTZWxlY3Rpb24ucGRmABMAAS8AABUAAgAU//8AAIAG0hscHR5aJGNsYXNzbmFtZVgkY2xhc3Nlc11OU011dGFibGVEYXRhox0fIFZOU0RhdGFYTlNPYmplY3TSGxwiI1xOU0RpY3Rpb25hcnmiIiBfEA9OU0tleWVkQXJjaGl2ZXLRJidUcm9vdIABAAgAEQAaACMALQAyADcAQABGAE0AVQBgAGcAagBsAG4AcQBzAHUAdwCEAI4AyQDOANYC1ALWAtsC5gLvAv0DAQMIAxEDFgMjAyYDOAM7A0AAAAAAAAACAQAAAAAAAAAoAAAAAAAAAAAAAAAAAAADQg==}}

@article{OBJJ,
	Author = {Olaf Bunke and Jan Johannes},
	Date-Added = {2016-10-13 10:49:24 +0000},
	Date-Modified = {2017-03-29 13:39:12 +0000},
	Journal = {Statistics},
	Keywords = {Generalized maximum likelihood; Dirichlet prior; Mixture models; Semiparametric models; Multivariate linear models; Hazard functions; Censoring},
	Month = {July},
	Number = {6},
	Pages = {483-502},
	Title = {Selfinformative limits of Bayes estimates and generalized maximum likelihood},
	Volume = {39},
	Year = {2005},
	Bdsk-File-1 = {YnBsaXN0MDDUAQIDBAUGJCVYJHZlcnNpb25YJG9iamVjdHNZJGFyY2hpdmVyVCR0b3ASAAGGoKgHCBMUFRYaIVUkbnVsbNMJCgsMDxJXTlMua2V5c1pOUy5vYmplY3RzViRjbGFzc6INDoACgAOiEBGABIAFgAdccmVsYXRpdmVQYXRoWWFsaWFzRGF0YV8QIy4uLy4uL1NlbGYtSW5mb3JtYXRpdmUgTGltaXRzLzUucGRm0hcLGBlXTlMuZGF0YU8RAYYAAAAAAYYAAgAADE1hY2ludG9zaCBIRAAAAAAAAAAAAAAAAAAAAAAAAABCRAAB/////wU1LnBkZgAAAAAAAAAAAAAAAAAAAAAAAAAAAAAAAAAAAAAAAAAAAAAAAAAAAAAAAAAAAAAAAAAAAAAAAAAAAAD/////AAAAAAAAAAAAAAAAAAIAAgAACiBjdQAAAAAAAAAAAAAAAAAXU2VsZi1JbmZvcm1hdGl2ZSBMaW1pdHMAAAIARy86VXNlcnM6eGF2aWVybG9pemVhdTpEb2N1bWVudHM6UmVjaGVyY2hlOlNlbGYtSW5mb3JtYXRpdmUgTGltaXRzOjUucGRmAAAOAAwABQA1AC4AcABkAGYADwAaAAwATQBhAGMAaQBuAHQAbwBzAGgAIABIAEQAEgBFVXNlcnMveGF2aWVybG9pemVhdS9Eb2N1bWVudHMvUmVjaGVyY2hlL1NlbGYtSW5mb3JtYXRpdmUgTGltaXRzLzUucGRmAAATAAEvAAAVAAIAFP//AACABtIbHB0eWiRjbGFzc25hbWVYJGNsYXNzZXNdTlNNdXRhYmxlRGF0YaMdHyBWTlNEYXRhWE5TT2JqZWN00hscIiNcTlNEaWN0aW9uYXJ5oiIgXxAPTlNLZXllZEFyY2hpdmVy0SYnVHJvb3SAAQAIABEAGgAjAC0AMgA3AEAARgBNAFUAYABnAGoAbABuAHEAcwB1AHcAhACOALQAuQDBAksCTQJSAl0CZgJ0AngCfwKIAo0CmgKdAq8CsgK3AAAAAAAAAgEAAAAAAAAAKAAAAAAAAAAAAAAAAAAAArk=}}

@unpublished{JJASRS,
	Author = {Johannes, Jan and Simoni, Anna and Schenk, Rudolf},
	Date-Added = {2016-10-13 10:46:30 +0000},
	Date-Modified = {2017-03-29 13:38:26 +0000},
	Keywords = {Bayesian nonparametrics; Sieve prior, hierarchical Bayes, exact concentration rates, orable optimality, minimax theory, adaptation},
	Title = {Adaptive Bayesian estimation in indirect Gaussian sequence space model},
	Year = {2016},
	Bdsk-File-1 = {YnBsaXN0MDDUAQIDBAUGJCVYJHZlcnNpb25YJG9iamVjdHNZJGFyY2hpdmVyVCR0b3ASAAGGoKgHCBMUFRYaIVUkbnVsbNMJCgsMDxJXTlMua2V5c1pOUy5vYmplY3RzViRjbGFzc6INDoACgAOiEBGABIAFgAdccmVsYXRpdmVQYXRoWWFsaWFzRGF0YV8QKi4uLy4uL2lHU1NNL2JpYmxpb2dyYXBoaWUvMTUwMi4wMDE4NHYxLnBkZtIXCxgZV05TLmRhdGFPEQGeAAAAAAGeAAIAAAxNYWNpbnRvc2ggSEQAAAAAAAAAAAAAAAAAAAAAAAAAQkQAAf////8QMTUwMi4wMDE4NHYxLnBkZgAAAAAAAAAAAAAAAAAAAAAAAAAAAAAAAAAAAAAAAAAAAAAAAAAAAAAAAAAAAAAA/////wAAAAAAAAAAAAAAAAACAAMAAAogY3UAAAAAAAAAAAAAAAAADWJpYmxpb2dyYXBoaWUAAAIATi86VXNlcnM6eGF2aWVybG9pemVhdTpEb2N1bWVudHM6UmVjaGVyY2hlOmlHU1NNOmJpYmxpb2dyYXBoaWU6MTUwMi4wMDE4NHYxLnBkZgAOACIAEAAxADUAMAAyAC4AMAAwADEAOAA0AHYAMQAuAHAAZABmAA8AGgAMAE0AYQBjAGkAbgB0AG8AcwBoACAASABEABIATFVzZXJzL3hhdmllcmxvaXplYXUvRG9jdW1lbnRzL1JlY2hlcmNoZS9pR1NTTS9iaWJsaW9ncmFwaGllLzE1MDIuMDAxODR2MS5wZGYAEwABLwAAFQACABT//wAAgAbSGxwdHlokY2xhc3NuYW1lWCRjbGFzc2VzXU5TTXV0YWJsZURhdGGjHR8gVk5TRGF0YVhOU09iamVjdNIbHCIjXE5TRGljdGlvbmFyeaIiIF8QD05TS2V5ZWRBcmNoaXZlctEmJ1Ryb290gAEACAARABoAIwAtADIANwBAAEYATQBVAGAAZwBqAGwAbgBxAHMAdQB3AIQAjgC7AMAAyAJqAmwCcQJ8AoUCkwKXAp4CpwKsArkCvALOAtEC1gAAAAAAAAIBAAAAAAAAACgAAAAAAAAAAAAAAAAAAALY}}
